@article{mcnaughton-et-al:cvm2018,
	author="McNaughton, James
	and Crick, Tom
	and Smith, Shamus",
	title="Resolving display shape dependence issues on tabletops",
	journal="Computational Visual Media",
	year="2018",
	month="Dec",
	day="01",
	volume="4",
	number="4",
	pages="349--365",
	issn="2096-0662",
	doi="10.1007/s41095-018-0124-x",
	url="https://doi.org/10.1007/s41095-018-0124-x"
}

@article{mcnaughton-et-al:hcis2017,
	author =  {James McNaughton and Tom Crick and Andrew Hatch},
	title =  {Determining Device Position through Minimal User Input},
	journal =  {Human-centric Computing and Information Sciences},
	volume =  {7},
	number =  {37},
	year =  {2017}
}

@article{mcnaughton-et-al:jce2017,
	author = {James McNaughton and Tom Crick and Andrew Joyce-Gibbons and Gary Beauchamp and Nick Young and Elaine Tan},
	title = {Facilitating Collaborative Learning Between Two Primary Schools Using Large Multi-Touch Devices},
	journal = {Journal of Computers in Education},
	year = {2017},
	volume =  {4},
	number =  {3},
	pages = {307-320},
	publisher = {Springer}
}

@article{brown-et-al:toce2014,
	author = {Neil C. C. Brown and Sue Sentance and Tom Crick and Simon Humphreys},
	title = {Restart: The Resurgence of Computer Science in UK Schools},
	journal = {ACM Transactions on Computer Science Education},
	year = {2014},
	volume = {14},
	number = {2},
	pages = {1-22}
}

@inproceedings{AlAgha2010,
	address = {New York, New York, USA},
	author = {AlAgha, Iyad and Hatch, Andrew and Ma, Linxiao and Burd, Elizabeth},
	booktitle = {ACM International Conference on Interactive Tabletops and Surfaces - ITS '10},
	doi = {10.1145/1936652.1936688},
	isbn = {9781450303996},
	keywords = {classroom,multi-touch tabletop,remote access},
	month = nov,
	pages = {187},
	publisher = {ACM Press},
	title = {Towards a teacher-centric approach for multi-touch surfaces in classrooms},
	url = {http://dl.acm.org/citation.cfm?id=1936652.1936688},
	year = {2010}
}

@article{Apple1990,
	author = {Apple, M. W. and Jungck, S.},
	doi = {10.3102/00028312027002227},
	issn = {0002-8312},
	journal = {American Educational Research Journal},
	month = jan,
	number = {2},
	pages = {227--251},
	title = {"{Y}ou Don't Have to Be a Teacher to Teach This Unit:" Teaching, Technology, and Gender in the Classroom},
	url = {http://aer.sagepub.com/cgi/content/abstract/27/2/227},
	volume = {27},
	year = {1990}
}

@misc{Avin2011,
	author = {Avin2},
	title = {SensorKinect},
	howpublished = {https://github.com/avin2/SensorKinect},
	note = {[Online; accessed 14-April-2021]},
	urldate = {14/04/21},
	year = {2011}
}

@inproceedings{Bellmore2011,
	author = {Bellmore, Colin and Ptucha, Raymond and Savakis, Andreas},
	booktitle = {2011 Western New York Image Processing Workshop},
	doi = {10.1109/WNYIPW.2011.6122883},
	isbn = {978-1-4673-0419-1},
	month = nov,
	pages = {1--4},
	publisher = {IEEE},
	title = {Interactive display using depth and RGB sensors for face and gesture control},
	url = {http://ieeexplore.ieee.org/xpl/freeabs\_all.jsp?arnumber=6122883},
	year = {2011}
}

@article{Bjorneseth2012,
	author = {Bj{\o}rneseth, F. B. and Dunlop, M. D. and Hornecker, E.},
	doi = {10.1016/j.ijhcs.2012.06.001},
	issn = {10715819},
	journal = {International Journal of Human-Computer Studies},
	keywords = {gestural interaction,multi-touch interaction,prototypes,safety-critical situations,user studies},
	month = jun,
	number = {10},
	pages = {745--729},
	title = {Assessing the effectiveness of direct gesture interaction for a safety critical maritime application},
	url = {http://dx.doi.org/10.1016/j.ijhcs.2012.06.001},
	volume = {70},
	year = {2012}
}

@article{Bolt1980,
	author = {Bolt, Richard A.},
	doi = {10.1145/965105.807503},
	isbn = {0-89791-021-4},
	issn = {00978930},
	journal = {ACM SIGGRAPH Computer Graphics},
	keywords = {Gesture,Graphics,Graphics interface,Man-machine interfaces,Space sensing,Spatial data management,Speech input,Voice input},
	month = jul,
	number = {3},
	pages = {262--270},
	publisher = {ACM},
	title = {“{P}ut-that-there”},
	url = {http://dl.acm.org/citation.cfm?id=965105.807503},
	volume = {14},
	year = {1980}
}

@inproceedings{Brewster2003,
	address = {New York, New York, USA},
	author = {Brewster, Stephen and Lumsden, Joanna and Bell, Marek and Hall, Malcolm and Tasker, Stuart},
	booktitle = {Proceedings of the conference on Human factors in computing systems - CHI '03},
	doi = {10.1145/642611.642694},
	isbn = {1581136307},
	keywords = {gestural interaction,wearable computing},
	month = apr,
	pages = {473},
	publisher = {ACM Press},
	title = {Multimodal 'eyes-free' interaction techniques for wearable devices},
	url = {http://dl.acm.org/citation.cfm?id=642611.642694},
	year = {2003}
}

@article{Cavalier1996,
	author = {Cavalier, A. R. and Ferretti, R. P.},
	doi = {10.1177/108835769601100203},
	issn = {1088-3576},
	journal = {Focus on Autism and Other Developmental Disabilities},
	month = jan,
	number = {2},
	pages = {79--85},
	title = {Talking Instead of Typing: Alternate Access to Computers Via Speech Recognition Technology},
	url = {http://foa.sagepub.com/cgi/content/abstract/11/2/79},
	volume = {11},
	year = {1996}
}

@article{Chen2005,
	author = {Chen, Weiqin},
	doi = {10.1016/j.jnca.2005.01.001},
	issn = {10848045},
	journal = {Journal of Network and Computer Applications},
	keywords = {cscl,knowledge building,software agents},
	month = aug,
	number = {2-3},
	pages = {200--215},
	title = {Supporting teachers' intervention in collaborative knowledge building},
	url = {http://dx.doi.org/10.1016/j.jnca.2005.01.001},
	volume = {29},
	year = {2005}
}

@inproceedings{Clark2011,
	address = {New York, New York, USA},
	author = {Clark, Adrian and D\"{u}nser, Andreas and Billinghurst, Mark and Piumsomboon, Thammathip and Altimira, David},
	booktitle = {Proceedings of the 23rd Australian Computer-Human Interaction Conference on - OzCHI '11},
	doi = {10.1145/2071536.2071549},
	isbn = {9781450310901},
	keywords = {gesture interaction,multimodal interfaces,proximity based interfaces,speech interaction,zooming user interface},
	month = nov,
	pages = {88--97},
	publisher = {ACM Press},
	title = {Seamless interaction in space},
	url = {http://dl.acm.org/citation.cfm?id=2071536.2071549},
	year = {2011}
}

@inproceedings{Cohen2002,
	author = {Cohen, C.J. and Conway, L. and Koditschek, D.},
	booktitle = {Proceedings of the 2nd International Conference on Automatic Face and Gesture Recognition},
	doi = {10.1109/AFGR.1996.557244},
	isbn = {0-8186-7713-9},
	pages = {60--65},
	publisher = {IEEE Comput. Soc. Press},
	title = {Dynamical system representation, generation, and recognition of basic oscillatory motion gestures},
	url = {http://ieeexplore.ieee.org/xpl/articleDetails.jsp?arnumber=557244},
  year = {2002}
}

@inproceedings{Dagdag2011,
	author = {Dagdag, Ralph Jayson E. and Mariano, Ricardo V. and Atienza, Rowel O.},
	booktitle = {TENCON 2011 - 2011 IEEE Region 10 Conference},
	doi = {10.1109/TENCON.2011.6129045},
	isbn = {978-1-4577-0255-6},
	month = nov,
	pages = {1426--1430},
	publisher = {IEEE},
	title = {Teacher tool for visualization and management of a technology-enhanced learning environment},
	url = {http://ieeexplore.ieee.org/xpl/articleDetails.jsp?tp=\&arnumber=6129045\&contentType=Conference+Publications\&searchField=Search\_All\&queryText=classroom+teacher+control+interface},
	year = {2011}
}

@book{Davison2012,
	author = {Davison, A},
	publisher = {McGraw-Hill Prof Med/Tech},
	title = {{Kinect} Open Source Programming Secrets: Hacking the {Kinect} With Openni, Nite, and Java},
	url = {http://scholar.google.co.uk/scholar?hl=en\&q=+Kinect+Open+Source+Programming+Secrets\&btnG=\&as\_sdt=1,5\&as\_sdtp=\#0},
	year = {2012}
}

@article{Goth2011,
	author = {Goth, Gregory},
	doi = {10.1145/2043174.2043181},
	issn = {00010782},
	journal = {Communications of the ACM},
	month = dec,
	number = {12},
	pages = {14},
	title = {Brave {NUI} world},
	url = {http://dl.acm.org/ft\_gateway.cfm?id=2043181\&type=html},
	volume = {54},
	year = {2011}
}

@inproceedings{Dietz2001,
	address = {New York, New York, USA},
	author = {Dietz, Paul and Leigh, Darren},
	booktitle = {Proceedings of the 14th annual ACM symposium on User interface software and technology - UIST '01},
	doi = {10.1145/502348.502389},
	isbn = {158113438X},
	keywords = {DiamondTouch,collaborative input,multi-user,single display groupware,touch},
	month = nov,
	pages = {219},
	publisher = {ACM Press},
	title = {DiamondTouch},
	url = {http://dl.acm.org/citation.cfm?id=502348.502389},
	year = {2001}
}

@article{Dulberg1999,
	author = {Dulberg, M. S. and {St Amant}, R. and Zettlemoyer, L. S.},
	journal = {Proc. Interact'99},
	pages = {375--382},
	title = {An imprecise mouse gesture for the fast activation of controls},
	url = {http://books.google.co.uk/books?hl=en\&amp;lr=\&amp;id=yXehjiOd\_kkC\&amp;oi=fnd\&amp;pg=PA375\&amp;dq=an+imprecise+mouse+gesture+for+the+fast+activation+of+controls\&amp;ots=NUjUvY3GHq\&amp;sig=eLjYGJnq20uDDhHVO2T5nhAHHng},
	volume = {1},
	year = {1999}
}

@inproceedings{Goette1998,
	address = {New York, New York, USA},
	author = {Goette, Tanya},
	booktitle = {Proceedings of the third international ACM conference on Assistive technologies - Assets '98},
	doi = {10.1145/274497.274532},
	isbn = {1581130201},
	keywords = {disability access,empirical studies,input/output devices,motor disabilities,speech and voice,user studies},
	month = jan,
	pages = {189--196},
	publisher = {ACM Press},
	title = {Factors leading to the successful use of voice recognition technology},
	url = {http://dl.acm.org/citation.cfm?id=274497.274532},
	year = {1998}
}

@inproceedings{Grandhi2011,
	address = {New York, New York, USA},
	author = {Grandhi, Sukeshini A. and Joue, Gina and Mittelberg, Irene},
	booktitle = {Proceedings of the 2011 annual conference on Human factors in computing systems - CHI '11},
	doi = {10.1145/1978942.1979061},
	isbn = {9781450302289},
	keywords = {cognitive semiotic principles,embodiment,gestures,intuitiveness,metonymy,naturalness,user centric interaction design},
	month = may,
	pages = {821},
	publisher = {ACM Press},
	title = {Understanding naturalness and intuitiveness in gesture production},
	url = {http://dl.acm.org/citation.cfm?id=1978942.1979061},
	year = {2011}
}

@inproceedings{HatchA.HigginsSMercier2009,
	address = {Garmisch-Partenkirchen},
	author = {Hatch, A. and Higgins, S. and Mercier, E.},
	booktitle = {STELLAR Alpine Rendez-Vous Workshop 2009: Tabletops for Education and Training},
	title = {SynergyNet: Supporting Collaborative Learning in an Immersive Environment},
	year = {2009}
}

@inproceedings{Hatch2011,
	author = {Hatch, A and Higgins, S and Joyce-Gibbons, A and Mercier, Emma},
	booktitle = {Connecting Computer-Supported Collaborative Learning to Policy and Practice: CSCL2011 Conference Proceedings. Vol I - Long Papers.},
	editor = {Spada, Hans and Stahl, Gerry and Miyake, Naomi and Law, Nancy},
	publisher = {International Society of the Learning Sciences},
	title = {{NumberNet}: Using multi-touch technology to support within and between-group mathematics learning},
	url = {http://scholar.google.com/scholar?hl=en\&btnG=Search\&q=intitle:NumberNet:+Using+Multi-Touch+Technology+to+Support+Within+and+Between-Group+Mathematics+Learning\#0},
	volume = {I},
	year = {2011}
}

@misc{Hazelcast2009, 
	author = {Ozturk, Talip and Malikov, Fuad and Reuthe, Eric and Dogan, Mehmet and Akar, Enes and Koyunlu, Mustafa Sancar},
	title = {Hazelcast Software},
	howpublished = {http://www.hazelcast.com/},
	note = {[Online; accessed 14-April-2021]},
	urldate = {14/04/21},
	year = {2009}
}

@article{Higgins2011,
	year={2011},
	issn={1556-1607},
	journal={International Journal of Computer-Supported Collaborative Learning},
	volume={6},
	issue={4},
	doi={10.1007/s11412-011-9131-y},
	title={Multi-touch tables and the relationship with collaborative classroom pedagogies: A synthetic review},
	url={http://dx.doi.org/10.1007/s11412-011-9131-y},
	publisher={Springer US},
	keywords={Cooperative/collaborative learning; Human-computer interaction; Interactive learning environments; Multi-touch tables; Classroom pedagogy},
	author={Higgins, StevenE. and Mercier, Emma and Burd, Elizabeth and Hatch, Andrew},
	pages={515-538},
	language={English}
}

@article{Higgins2011b,
	author = {Higgins, S. and Mercier, Emma and Burd, E. L. and Joyce-Gibbons, Andrew},
	title = {Multi-touch tables and collaborative learning},
	journal = {British Journal of Educational Technology},
	volume = {43},
	number = {6},
	publisher = {Blackwell Publishing Ltd},
	issn = {1467-8535},
	url = {http://dx.doi.org/10.1111/j.1467-8535.2011.01259.x},
	doi = {10.1111/j.1467-8535.2011.01259.x},
	pages = {1041--1054},
	year = {2012},
}

@article{Jensen1996,
	author = {Jensen, O and Lisman, J. E.},
	journal = {Learning \&amp; Memory},
	pages = {257--263},
	title = {Novel lists of 7+/-2 known items can be reliably stored in an oscillatory short-term memory network: interaction with long-term memory.},
	url = {http://learnmem.cshlp.org/content/3/2-3/257.short},
	volume = {3},
	year = {1996}
}

@inproceedings{Kaltenbrunner2009,
	address = {New York, New York, USA},
	author = {Kaltenbrunner, Martin},
	booktitle = {Proceedings of the ACM International Conference on Interactive Tabletops and Surfaces - ITS '09},
	doi = {10.1145/1731903.1731906},
	isbn = {9781605587332},
	keywords = {computer vision,human computer interaction,interactive surfaces,protocols,tangible user interfaces},
	month = nov,
	pages = {9},
	publisher = {ACM Press},
	title = {reacTIVision and TUIO},
	url = {http://dl.acm.org/citation.cfm?id=1731903.1731906},
	year = {2009}
}

@article{Karabenick2011,
	author = {Karabenick, Stuart A.},
	doi = {10.1016/j.learninstruc.2010.07.007},
	issn = {09594752},
	journal = {Learning and Instruction},
	keywords = {classroom context,help-seeking,information and communication technology (ict),motivation,social interaction},
	month = apr,
	number = {2},
	pages = {290--296},
	title = {Classroom and technology-supported help seeking: The need for converging research paradigms},
	url = {http://dx.doi.org/10.1016/j.learninstruc.2010.07.007},
	volume = {21},
	year = {2011}
}

@book{Kean2011,
	author = {Kean, S and Hall, JC and Perry, P},
	booktitle = {Meet the {Kinect}},
	title = {Meet the {Kinect}: An Introduction to Programming Natural User Interfaces},
	publisher = {Apress},
	url = {http://www.springerlink.com/index/XV667J038KGG707T.pdf},
	year = {2011}
}

@techreport{kitchenham04,
	author = {Barbara A. Kitchenham},
	title = {Procedures for undertaking systematic reviews},
	year = 2004,
	institution = {Computer Science Department, Keele University},
}

@misc{kramer2011,
	author = {Kramer, C. E. and Underkoffler, J. and Norris, M. A. D. L. and Brown, M. and Kung, D. and Amrstrong, S.},
	title = {Mezzanine},
	howpublished = {https://www.oblong.com/mezzanine},
	note = {[Online; accessed 14-April-2021]},
	urldate = {14/04/21},
	year = {2021}
}

@inproceedings{Kuhn2005,
  author = {Kuhn, Markus and Jansen, Marc and Harrer, Andreas and Hoppe, Ulrich},
  title = {A Lightweight Approach for Flexible Group Management in the Classroom},
  year = {2005},
  isbn = {0805857826},
  publisher = {International Society of the Learning Sciences},
  booktitle = {Proceedings of Th 2005 Conference on Computer Support for Collaborative Learning: Learning 2005: The next 10 Years!},
  pages = {353–357},
  numpages = {5},
  keywords = {learning design, shared workspaces, collaborative classroom scenarios, lightweight classroom orchestration},
  location = {Taipei, Taiwan},
  series = {CSCL '05}
}

@misc{Kyaw2011,
	author = {Kyaw, Phyo and McNaughton, James and Mercier, Emma and Burd, Elizabeth},
	booktitle = {{SynergyNet} Project},
	title = {SynergyView},
	howpublished = {https://github.com/synergynet/synergyview},
	note = {[Online; accessed 14-April-2021]},
	urldate = {14/04/21},
	year = {2011}
}

@article{Lange2001,
	author = {Lange, R. and Seitz, P.},
	doi = {10.1109/3.910448},
	issn = {00189197},
	journal = {IEEE Journal of Quantum Electronics},
	month = mar,
	number = {3},
	pages = {390--397},
	title = {Solid-state time-of-flight range camera},
	url = {http://ieeexplore.ieee.org/xpl/articleDetails.jsp?arnumber=910448},
	volume = {37},
	year = {2001}
}

@article{Leat2002,
	author = {Leat, David and Higgins, Steve},
	doi = {10.1080/09585170110115286},
	issn = {0958-5176},
	journal = {Curriculum Journal},
	month = apr,
	number = {1},
	pages = {71--85},
	publisher = {Routledge},
	title = {The role of powerful pedagogical strategies in curriculum development},
	url = {http://dx.doi.org/10.1080/09585170110115286},
	volume = {13},
	year = {2002}
}

@article{Leyvand2011,
	author = {Leyvand, Tommer and Meekhof, Casey and Wei, Yi-Chen and Sun, Jian and Guo, Baining},
	doi = {10.1109/MC.2011.114},
	issn = {0018-9162},
	journal = {Computer},
	month = apr,
	number = {4},
	pages = {94--96},
	title = {{Kinect} Identity: Technology and Experience},
	url = {http://ieeexplore.ieee.org/xpl/freeabs\_all.jsp?arnumber=5742015},
	volume = {44},
	year = {2011}
}

@article{Lisman1995,
	author = {Lisman, J. E. and Idiart, M.A.},
	journal = {Science},
	pages = {1512--1515},
	title = {Storage of 7+/-2 short-term memories in oscillatory subcycles},
	url = {http://www.sciencemag.org/content/267/5203/1512.short},
	volume = {267},
	year = {1995}
}

@inproceedings{Livingston2012,
	author = {Livingston, Mark A. and Sebastian, Jay and Ai, Zhuming and Decker, Jonathan W.},
	booktitle = {2012 IEEE Virtual Reality (VR)},
	doi = {10.1109/VR.2012.6180911},
	isbn = {978-1-4673-1246-2},
	month = mar,
	pages = {119--120},
	publisher = {IEEE},
	title = {Performance measurements for the Microsoft {Kinect} skeleton},
	url = {http://ieeexplore.ieee.org/xpl/articleDetails.jsp?arnumber=6180911},
	year = {2012}
}

@article{Lloyd2011,
	author = {Lloyd, S. A. and Robertson, C. L.},
	issn = {0098-6283},
	journal = {Teaching of Psychology},
	language = {en},
	month = dec,
	number = {1},
	pages = {67--71},
	publisher = {SAGE Publications},
	title = {Screencast Tutorials Enhance Student Learning of Statistics},
	url = {http://top.sagepub.com/content/39/1/67.full},
	volume = {39},
	year = {2011}
}

@inproceedings{Marquardt2011,
	address = {New York, New York, USA},
	author = {Marquardt, Nicolai and Diaz-Marino, Robert and Boring, Sebastian and Greenberg, Saul},
	booktitle = {Proceedings of the 24th annual ACM symposium on User interface software and technology - UIST '11},
	doi = {10.1145/2047196.2047238},
	isbn = {9781450307161},
	keywords = {development,prototyping,proxemic interactions,proxemics,proximity,toolkit,ubiquitous computing},
	month = oct,
	pages = {315},
	publisher = {ACM Press},
	title = {The proximity toolkit},
	url = {http://dl.acm.org/citation.cfm?id=2047196.2047238},
	year = {2011}
}

@inproceedings{Maimone2012,
	author = {Maimone, Andrew and Fuchs, Henry},
	booktitle = {2012 IEEE Virtual Reality (VR)},
	doi = {10.1109/VR.2012.6180879},
	isbn = {978-1-4673-1246-2},
	month = mar,
	pages = {51--54},
	publisher = {IEEE},
	title = {Reducing interference between multiple structured light depth sensors using motion},
	url = {http://ieeexplore.ieee.org/xpl/articleDetails.jsp?arnumber=6180879},
	year = {2012}
}

@inproceedings{Matsushita1997,
	address = {New York, New York, USA},
	author = {Matsushita, Nobuyuki and Rekimoto, Jun},
	booktitle = {Proceedings of the 10th annual ACM symposium on User interface software and technology - UIST '97},
	doi = {10.1145/263407.263549},
	isbn = {0897918819},
	keywords = {augmented reality,infrared,ubiquitous computing,wall interfaces},
	month = oct,
	pages = {209--210},
	publisher = {ACM Press},
	title = {HoloWall},
	url = {http://dl.acm.org/citation.cfm?id=263407.263549},
	year = {1997}
}

@inproceedings{Mercier2012,
	address = {Sydney, Australia},
	author = {Mercier, E. and McNaughton, J. and Higgins, S. and Burd, E. L.},
	booktitle = {Proceedings of the 10th International Conference of the Learning Sciences – ICLS '12},
	title = {Orchestrating Learning in the Multi-touch Classroom: Developing Appropriate Tools},
	year = {2012}
}

@article{Mercier2013,
	author = {Mercier, Emma M. and Higgins, Steven E.},
	doi = {10.1016/j.learninstruc.2012.10.004},
	issn = {09594752},
	journal = {Learning and Instruction},
	month = jun,
	pages = {13--23},
	publisher = {Elsevier Ltd},
	title = {Collaborative learning with multi-touch technology: Developing adaptive expertise},
	url = {http://linkinghub.elsevier.com/retrieve/pii/S0959475212000850},
	volume = {25},
	year = {2013}
}

@inproceedings{Mendoza2005,
	address = {New York, New York, USA},
	author = {Mendoza, Valerie and Novick, David G.},
	booktitle = {Proceedings of the 23rd annual international conference on Design of communication documenting \& designing for pervasive information - SIGDOC '05},
	doi = {10.1145/1085313.1085348},
	isbn = {1595931759},
	keywords = {training,usability},
	month = sep,
	pages = {151},
	publisher = {ACM Press},
	title = {Usability over time},
	url = {http://dl.acm.org/citation.cfm?id=1085313.1085348},
	year = {2005}
}

@article{mil56,
	added-at = {2009-07-30T10:59:16.000+0200},
	author = {Miller, George A.},
	biburl = {http://www.bibsonomy.org/bibtex/2a5acd9332fe6e530ee7b01a986666645/trude},
	description = {dret'd bibliography},
	index = {usability},
	interhash = {14394c5c7a8fb2eace6d9d638774f6c1},
	intrahash = {a5acd9332fe6e530ee7b01a986666645},
	journal = {The Psychological Review},
	keywords = {1956 _skimmed brain cognitiveload knowledge learning},
	month = {March},
	number = 2,
	pages = {81-97},
	timestamp = {2009-07-30T10:59:16.000+0200},
	title = {The Magical Number Seven, Plus or Minus Two: Some Limits on Our Capacity for Processing Information},
	uri = {http://www.well.com/user/smalin/miller.html},
	url = {http://www.musanim.com/miller1956/},
	volume = 63,
	year = 1956
}

@misc{Moyle2001,
	author = {Moyle, Michael and Cockburn, Dr. Andy},
	title = {A Flick in the Right Direction - An Evaluation of Simple Gesture Based Controls},
	url = {http://citeseerx.ist.psu.edu/viewdoc/summary?doi=10.1.1.11.8070},
	year = {2001}
}

@inproceedings{Nielsen2004,
	address = {Genova, Italy},
	author = {Nielsen, Michael and St\"{o}rring, Moritz and Moeslund, Thomas B. and Granum, Erik},
	booktitle = {Gesture-Based Communication in Human-Computer Interaction},
	doi = {10.1007/b95740},
	editor = {Camurri, Antonio and Volpe, Gualtiero},
	isbn = {978-3-540-21072-6},
	pages = {409--420},
	publisher = {Springer Berlin Heidelberg},
	series = {Lecture Notes in Computer Science},
	title = {Gesture-Based Communication in Human-Computer Interaction},
	url = {http://www.springerlink.com/index/10.1007/b95740},
	volume = {2915},
	year = {2004}
}

@article{OHare1999,
	author = {O’Hare, Eamonn A. and McTear, Michael F.},
	doi = {10.1016/S0360-1315(99)00014-7},
	issn = {03601315},
	journal = {Computers \& Education},
	keywords = {education,speech recognition},
	month = aug,
	number = {1},
	pages = {27--45},
	title = {Speech recognition in the secondary school classroom: an exploratory study},
	url = {http://dx.doi.org/10.1016/S0360-1315(99)00014-7},
	volume = {33},
	year = {1999}
}

@misc{OpenNi2021,
	author = {{OpenNI}},
	title = {{OpenNI} \& {NITE} Libraries},
	howpublished = {https://structure.io/openni},
	note = {[Online; accessed 14-April-2021]},
	urldate = {14/04/21},
	year = {2021}
}

@inproceedings{Rekimotoa,
	author = {Rekimoto, J.},
	booktitle = {Proceedings Fifth International Symposium on Wearable Computers},
	doi = {10.1109/ISWC.2001.962092},
	isbn = {0-7695-1318-2},
	pages = {21--27},
	publisher = {IEEE Comput. Soc},
	title = {{GestureWrist} and {GesturePad}: unobtrusive wearable interaction devices},
	url = {http://ieeexplore.ieee.org/xpls/abs\_all.jsp?arnumber=962092},
	year = {2001}
}

@inproceedings{Robertson2012,
	address = {New York, New York, USA},
	author = {Robertson, Judy and Macvean, Andrew and Howland, Katy},
	booktitle = {Proceedings of the 11th International Conference on Interaction Design and Children - IDC '12},
	doi = {10.1145/2307096.2307100},
	isbn = {9781450310079},
	keywords = {ecological validly,educational software,teacher training},
	month = jun,
	pages = {20},
	publisher = {ACM Press},
	title = {Embedding technology in the classroom},
	url = {http://dl.acm.org/citation.cfm?id=2307096.2307100},
	year = {2012}
}

@inproceedings{Ruiz2011,
	address = {New York, New York, USA},
	author = {Ruiz, Jaime and Li, Yang and Lank, Edward},
	booktitle = {Proceedings of the 2011 annual conference on Human factors in computing systems - CHI '11},
	doi = {10.1145/1978942.1978971},
	isbn = {9781450302289},
	keywords = {mobile interaction,motion gestures,sensors},
	month = may,
	pages = {197},
	publisher = {ACM Press},
	title = {User-defined motion gestures for mobile interaction},
	url = {http://dl.acm.org/citation.cfm?id=1978942.1978971},
	year = {2011}
}

@inproceedings{Satyavolu2012,
	author = {Satyavolu, Srivishnu and Bruder, Gerd and Willemsen, Pete and Steinicke, Frank},
	booktitle = {2012 IEEE Virtual Reality (VR)},
	month = mar,
	pages = {149--150},
	publisher = {IEEE},
	title = {Analysis of {IR}-based virtual reality tracking using multiple {Kinect}s},
	url = {http://ieeexplore.ieee.org/xpl/articleDetails.jsp?arnumber=6180925},
	year = {2012}
}

@techreport{Schroder2011,
	author = {Schr\"{o}der, Y and Scholz, A and Berger, K},
	booktitle = {Computer \ldots},
	institution = {TU Braunschweig},
	title = {Multiple {Kinect} Studies},
	url = {http://www.cg.cs.tu-bs.de/media/publications/multikinects\_1.pdf},
	year = {2011}
}

@article{Schrum2008,
	author = {Schrum, L and Shelley, G and Miller, R},
	journal = {International Journal of Technology in Teaching and Learning},
	number = {1},
	pages = {1--20},
	title = {Understanding tech-savvy teachers: Identifying their characteristics, motivation, and challenges},
	url = {http://www.sicet.org/journals/ijttl/issue0801/4\_1\_1\_Schrum.pdf},
	volume = {4},
	year = {2008}
}

@book{Selwyn2010,
	author = {Selwyn, Neil},
	isbn = {0415589304},
	pages = {192},
	publisher = {Routledge},
	title = {Schools and Schooling in the Digital Age: A Critical Analysis (Foundations and Futures of Education)},
	url = {http://www.amazon.co.uk/Schools-Schooling-Digital-Age-Foundations/dp/0415589304},
	year = {2010}
}

@book{Selwyn2011,
	author = {Selwyn, Neil},
	isbn = {1441150366},
	pages = {208},
	publisher = {Continuum},
	title = {Education and Technology: Key Issues and Debates},
	url = {http://www.amazon.co.uk/Education-Technology-Key-Issues-Debates/dp/1441150366},
	year = {2011}
}

@inproceedings{Vila2013,
	author = {Vila, X. and Riera, A. and Sanchez, E. and Lama, M. and Moreno, D.L.},
	booktitle = {Proceedings 3rd IEEE International Conference on Advanced Technologies},
	doi = {10.1109/ICALT.2003.1215016},
	isbn = {0-7695-1967-9},
	pages = {12--16},
	publisher = {IEEE Comput. Soc},
	title = {A {PDA}-based interface for a computer supported educational system},
	url = {http://ieeexplore.ieee.org/xpl/articleDetails.jsp?tp=\&arnumber=1215016\&contentType=Conference+Publications\&searchField=Search\_All\&queryText=classroom+teacher+control+interface},
  year = {2013}
}

@article{Wachs2011,
	author = {Wachs, Juan Pablo and K\"{o}lsch, Mathias and Stern, Helman and Edan, Yael},
	doi = {10.1145/1897816.1897838},
	issn = {00010782},
	journal = {Communications of the ACM},
	month = feb,
	number = {2},
	pages = {60},
	title = {Vision-based hand-gesture applications},
	url = {http://dl.acm.org/ft\_gateway.cfm?id=1897838\&type=html},
	volume = {54},
	year = {2011}
}

@inproceedings{Wang2008,
	author = {Wang, Xiaochun},
	booktitle = {2008 9th International Conference on Computer-Aided Industrial Design and Conceptual Design},
	doi = {10.1109/CAIDCD.2008.4730568},
	isbn = {978-1-4244-3290-5},
	month = nov,
	pages = {268--270},
	publisher = {IEEE},
	title = {Metaphor of interaction design in multimedia information terminals design},
	url = {http://ieeexplore.ieee.org/xpl/freeabs\_all.jsp?arnumber=4730568},
	year = {2008}
}

@inproceedings{Wobbrock2009,
	address = {New York, New York, USA},
	author = {Wobbrock, Jacob O. and Morris, Meredith Ringel and Wilson, Andrew D.},
	booktitle = {Proceedings of the 27th international conference on Human factors in computing systems - CHI '09},
	doi = {10.1145/1518701.1518866},
	isbn = {9781605582467},
	keywords = {gesture recognition,gestures,guessability,referents,signs,surface,tabletop,think-aloud},
	month = apr,
	pages = {1083},
	publisher = {ACM Press},
	title = {User-defined gestures for surface computing},
	url = {http://dl.acm.org/citation.cfm?id=1518701.1518866},
	year = {2009}
}

@inproceedings{Wang2012,
	address = {Kyoto, Japan},
	author = {Wang, J and Zhang, C and Zhu, W and Zhang, Z and Xiong, Z and Chou, P},
	booktitle = {International Conference on Acoustics, Speech, and Signal Processing},
	publisher = {IEEE},
	title = {{3D} Scene Reconstruction by Multiple Structured-Light Based Commodity Depth Cameras},
	url = {http://research.microsoft.com/pubs/158080/paper-phil-Cha-ZZ-final.pdf},
	year = {2012}
}

@inproceedings{Wilson2007a,
	author = {Wilson, Andrew D.},
	booktitle = {Second Annual IEEE International Workshop on Horizontal Interactive Human-Computer Systems (TABLETOP'07)},
	doi = {10.1109/TABLETOP.2007.35},
	isbn = {0-7695-3013-3},
	month = oct,
	pages = {201--204},
	publisher = {IEEE},
	title = {Depth-Sensing Video Cameras for {3D} Tangible Tabletop Interaction},
	url = {http://ieeexplore.ieee.org/xpl/articleDetails.jsp?arnumber=4384131},
	year = {2007}
}

@inproceedings{Wilson2010,
	address = {New York, New York, USA},
	author = {Wilson, Andrew D. and Benko, Hrvoje},
	booktitle = {Proceedings of the 23nd annual ACM symposium on User interface software and technology - UIST '10},
	doi = {10.1145/1866029.1866073},
	isbn = {9781450302715},
	keywords = {augmented reality,depth cameras,interactive spaces,surface computing,ubiquitous computing},
	month = oct,
	pages = {273},
	publisher = {ACM Press},
	title = {Combining multiple depth cameras and projectors for interactions on, above and between surfaces},
	url = {http://dl.acm.org/citation.cfm?id=1866029.1866073},
	year = {2010}
}

@inproceedings{Xia2011,
	author = {Xia, Lu and Chen, Chia Chih and Aggarwal, J. K.},
	booktitle = {CVPR 2011 Workshops},
	doi = {10.1109/CVPRW.2011.5981811},
	isbn = {978-1-4577-0529-8},
	month = jun,
	pages = {15--22},
	publisher = {IEEE},
	title = {Human detection using depth information by {Kinect}},
	url = {http://ieeexplore.ieee.org/xpl/freeabs\_all.jsp?arnumber=5981811},
	year = {2011}
}

@inproceedings{Yang2007,
	author = {Yang, Qingxiong and Yang, Ruigang and Davis, James and Nister, David},
	booktitle = {2007 IEEE Conference on Computer Vision and Pattern Recognition},
	doi = {10.1109/CVPR.2007.383211},
	isbn = {1-4244-1179-3},
	month = jun,
	pages = {1--8},
	publisher = {IEEE},
	title = {Spatial-Depth Super Resolution for Range Images},
	url = {http://ieeexplore.ieee.org/xpl/articleDetails.jsp?arnumber=4270236},
	year = {2007}
}

@inproceedings{Zhou2010,
	address = {New York, New York, USA},
	author = {Zhou, Yinsheng and Percival, Graham and Wang, Xinxi and Wang, Ye and Zhao, Shengdong},
	booktitle = {Proceedings of the international conference on Multimedia - MM '10},
	doi = {10.1145/1873951.1874048},
	isbn = {9781605589336},
	keywords = {children,education,mobile devices,music,musical instruments,user-centered design},
	month = oct,
	pages = {671},
	publisher = {ACM Press},
	title = {MOGCLASS},
	url = {http://dl.acm.org/citation.cfm?id=1873951.1874048},
	year = {2010}
}

@article{Zhu2011,
	author = {Zhu, Chun and Sheng, Weihua},
	doi = {10.1109/TSMCA.2010.2093883},
	issn = {1083-4427},
	journal = {IEEE Transactions on Systems, Man, and Cybernetics - Part A: Systems and Humans},
	month = may,
	number = {3},
	pages = {569--573},
	title = {Wearable Sensor-Based Hand Gesture and Daily Activity Recognition for Robot-Assisted Living},
	url = {http://ieeexplore.ieee.org/xpl/articleDetails.jsp?tp=\&arnumber=5682421\&contentType=Journals+\%26+Magazines\&searchField\%3DSearch\_All\%26queryText\%3DWearable+Sensor-Based+Hand+Gesture+and+Daily+Activity+...},
	volume = {41},
	year = {2011}
}
	
@article{Shirley2010,
	author = {Shirley, Melissa L. and Irving, Karen E. and Sanalan, Vehbi A. and Pape, Stephen J. and Owens, Douglas T.},
	issn = {1571-0068},
	journal = {International Journal of Science and Mathematics Education},
	month = oct,
	number = {2},
	pages = {459--481},
	title = {The Practicality of Implementing Connected Classroom Technology in Secondary Mathematics and Science Classrooms},
	url = {http://www.springerlink.com/content/21875l0582811840/},
	volume = {9},
	year = {2010}
}

@article{Salvi2010,
	author = {Salvi, Joaquim and Fernandez, Sergio and Pribanic, Tomislav and Llado, Xavier},
	doi = {10.1016/j.patcog.2010.03.004},
	issn = {00313203},
	journal = {Pattern Recognition},
	keywords = {{3D} measuring devices,active stereo,coded patterns,computer vision,fourier transform profilometry,pattern projection,structured light},
	month = aug,
	number = {8},
	pages = {2666--2680},
	title = {A state of the art in structured light patterns for surface profilometry},
	url = {http://dx.doi.org/10.1016/j.patcog.2010.03.004},
	volume = {43},
	year = {2010}
}

@inproceedings{Lai2012,
	author = {Lai, Kam and Konrad, Janusz and Ishwar, Prakash},
	booktitle = {2012 IEEE Southwest Symposium on Image Analysis and Interpretation},
	month = apr,
	pages = {185--188},
	publisher = {IEEE},
	title = {A gesture-driven computer interface using {Kinect}},
	url = {http://ieeexplore.ieee.org/xpl/articleDetails.jsp?arnumber=6202484},
	year = {2012}
}

@inproceedings{Patsadu2012,
	author = {Patsadu, Orasa and Nukoolkit, Chakarida and Watanapa, Bunthit},
	booktitle = {2012 Ninth International Conference on Computer Science and Software Engineering (JCSSE)},
	month = may,
	pages = {28--32},
	publisher = {IEEE},
	title = {Human gesture recognition using {Kinect} camera},
	url = {http://ieeexplore.ieee.org/xpls/abs\_all.jsp?arnumber=6261920},
	year = {2012}
}

@inproceedings{Maimone2011,
	author = {Maimone, Andrew and Fuchs, Henry},
	booktitle = {2011 10th IEEE International Symposium on Mixed and Augmented Reality},
	doi = {10.1109/ISMAR.2011.6092379},
	isbn = {978-1-4577-2185-4},
	month = oct,
	pages = {137--146},
	publisher = {IEEE},
	title = {Encumbrance-free telepresence system with real-time {3D} capture and display using commodity depth cameras},
	url = {http://ieeexplore.ieee.org/xpl/freeabs\_all.jsp?arnumber=6092379},
	year = {2011}
}

@article{Stone2011,
	author = {Stone, E.E. and Skubic, M.},
	journal = {Journal of Ambient Intelligence and Smart Environments},
	number = {4},
	pages = {349--361},
	title = {Evaluation of an inexpensive depth camera for passive in-home fall risk assessment},
	url = {http://ieeexplore.ieee.org/xpl/articleDetails.jsp?arnumber=6038771},
	volume = {3},
	year = {2011}
}

@inproceedings{Mehrotra2011,
	author = {Mehrotra, Sanjeev and Zhang, Zhengyou and Cai, Qin and Zhang, Cha and Chou, Philip A.},
	booktitle = {2011 IEEE 13th International Workshop on Multimedia Signal Processing},
	doi = {10.1109/MMSP.2011.6093803},
	isbn = {978-1-4577-1434-4},
	month = oct,
	pages = {1--6},
	publisher = {IEEE},
	title = {Low-complexity, near-lossless coding of depth maps from {Kinect}-like depth cameras},
	url = {http://ieeexplore.ieee.org/xpl/freeabs\_all.jsp?arnumber=6093803},
	year = {2011}
}

@inproceedings{Dubois2011,
	author = {Dubois, Amandine and Dib, Abdallah and Charpillet, Francois},
	booktitle = {2011 IEEE 23rd International Conference on Tools with Artificial Intelligence},
	doi = {10.1109/ICTAI.2011.188},
	isbn = {978-1-4577-2068-0},
	month = nov,
	pages = {170--176},
	publisher = {IEEE},
	title = {Using {HMM}s for Discriminating Mobile from Static Objects in a {3D} Occupancy Grid},
	url = {http://ieeexplore.ieee.org/xpl/freeabs\_all.jsp?arnumber=6103323},
	year = {2011}
}

@inproceedings{Luber2011,
	author = {Luber, Matthias and Spinello, Luciano and Arras, Kai O.},
	booktitle = {2011 IEEE/RSJ International Conference on Intelligent Robots and Systems},
	doi = {10.1109/IROS.2011.6095075},
	isbn = {978-1-61284-456-5},
	month = sep,
	pages = {3844--3849},
	publisher = {IEEE},
	title = {People tracking in {RGB-D} data with on-line boosted target models},
	url = {http://ieeexplore.ieee.org/xpl/freeabs\_all.jsp?arnumber=6095075},
	year = {2011}
}

@inproceedings{Caon2011,
	address = {Barcelona, Spain},
	author = {Caon, M and Yue, Y and Tscherrig, J},
	booktitle = {2011 Ambient 1st International Conference on Ambient Computing, Applications, Services and Technologies},
	pages = {7--12},
	publisher = {IARIA},
	title = {Context-Aware {3D} Gesture Interaction Based on Multiple {Kinect}s},
	url = {http://www.thinkmind.org/index.php?view=article\&articleid=ambient\_2011\_1\_20\_60044},
	year = {2011}
}

@book{Kramer2012,
	author = {Kramer, J and Parker, M and Herrera, D},
	title = {Hacking the {Kinect}},
	publisher = {Apress},
	url = {http://books.google.co.uk/books?hl=en\&lr=\&id=IftkzqRjbO4C\&oi=fnd\&pg=PP1\&dq=hacking+the+kinect\&ots=XuVzXafrB4\&sig=eMm8mYon66DeH3-JTq1sjAj3ZDU},
	year = {2012}
}

@inproceedings{Kainz2012,
  author = {Kainz, Bernhard and Hauswiesner, Stefan and Reitmayr, Gerhard and Steinberger, Markus and Grasset, Raphael and Gruber, Lukas and Veas, Eduardo and Kalkofen, Denis and Seichter, Hartmut and Schmalstieg, Dieter},
  title = {OmniKinect: Real-Time Dense Volumetric Data Acquisition and Applications},
  year = {2012},
  isbn = {9781450314695},
  publisher = {Association for Computing Machinery},
  address = {New York, NY, USA},
  url = {https://doi.org/10.1145/2407336.2407342},
  doi = {10.1145/2407336.2407342},
  booktitle = {Proceedings of the 18th ACM Symposium on Virtual Reality Software and Technology},
  pages = {25–32},
  numpages = {8},
  keywords = {4D reconstruction, depth sensors, microsoft {Kinect}},
  location = {Toronto, Ontario, Canada},
  series = {VRST '12}
}

@inproceedings{Kim2008,
	address = {Anchorage},
	author = {Kim, Young Min and Chan, Derek and Theobalt, Christian and Thrun, Sebastian},
	booktitle = {IEEE CVPR},
	pages = {1524--1530},
	title = {Design and Calibration of a Multi-view TOF Sensor Fusion System},
	url = {http://citeseerx.ist.psu.edu/viewdoc/summary?doi=10.1.1.178.202},
	year = {2008}
}

@inproceedings{Meng2012,
	address = {New York, New York, USA},
	author = {Meng, Rufeng and Isenhower, Jason and Qin, Chuan and Nelakuditi, Srihari},
	booktitle = {Proceedings of the thirteenth ACM international symposium on Mobile Ad Hoc Networking and Computing - MobiHoc '12},
	doi = {10.1145/2248371.2248417},
	isbn = {9781450312813},
	keywords = {games,kinect,sensor fusion,smartphone},
	month = jun,
	pages = {265},
	publisher = {ACM Press},
	title = {Can smartphone sensors enhance {Kinect} experience?},
	url = {http://dl.acm.org/citation.cfm?id=2248371.2248417},
	year = {2012}
}

@inproceedings{Winkler2012,
	author = {Winkler, Michael Bjorn and Hover, Kai Michael and Hadjakos, Aristotelis and Muhlhauser, Max},
	booktitle = {2012 IEEE International Symposium on Multimedia},
	doi = {10.1109/ISM.2012.96},
	isbn = {978-1-4673-4370-1},
	month = dec,
	pages = {471--476},
	publisher = {IEEE},
	title = {Automatic Camera Control for Tracking a Presenter during a Talk},
	url = {http://ieeexplore.ieee.org/xpls/abs\_all.jsp?arnumber=6424709},
	year = {2012}
}

@article{Hall1968,
	author = {Hall, R V and Lund, D and Jackson, D},
	issn = {0021-8855},
	journal = {Journal of applied behavior analysis},
	month = jan,
	number = {1},
	pages = {1--12},
	pmid = {16795155},
	title = {Effects of teacher attention on study behavior.},
	url = {http://www.pubmedcentral.nih.gov/articlerender.fcgi?artid=1310970\&tool=pmcentrez\&rendertype=abstract},
	volume = {1},
	year = {1968}
}

@article{Varona2009,
	author = {Varona, Javier and Jaume-i-Cap\'{o}, Antoni and Gonz\`{a}lez, Jordi and Perales, Francisco J.},
	issn = {09535438},
	journal = {Interacting with Computers},
	keywords = {enactive interfaces,human–computer interaction,vision-based interfaces},
	month = jan,
	number = {1-2},
	pages = {3--10},
	title = {Toward natural interaction through visual recognition of body gestures in real-time},
	url = {http://dx.doi.org/10.1016/j.intcom.2008.10.001},
	volume = {21},
	year = {2009}
}

@inproceedings{Oikonomidis2011a,
	address = {University of Dundee, UK},
	author = {Oikonomidis, I and Kyriazis, N and Argyros, A},
	booktitle = {Proceedings of the 22nd British Machine Vision Conference, BMVC’2011},
	month = aug,
	title = {Efficient model-based {3D} tracking of hand articulations using {Kinect}},
	url = {http://www.ics.forth.gr/\_publications/2011\_09\_bmvc\_kinect\_hand\_tracking.pdf},
	year = {2011},
	pages={101.1--101.11}
}

@inproceedings{Oikonomidis2011b,
	author = {Oikonomidis, Iason and Kyriazis, Nikolaos and Argyros, Antonis A.},
	booktitle = {2011 International Conference on Computer Vision},
	doi = {10.1109/ICCV.2011.6126483},
	isbn = {978-1-4577-1102-2},
	month = nov,
	pages = {2088--2095},
	publisher = {IEEE},
	title = {Full DOF tracking of a hand interacting with an object by modeling occlusions and physical constraints},
	url = {http://ieeexplore.ieee.org/xpl/articleDetails.jsp?arnumber=6126483},
	year = {2011}
}	

@article{jaaskelainen2010think,
  title={Think-aloud protocol},
  author={J{\"a}{\"a}skel{\"a}inen, Riitta},
  journal={Handbook of translation studies},
  volume={1},
  pages={371--374},
  year={2010},
  publisher={John Benjamins Publishing Amsterdam/Philadelphia}
}
	